%% This BibTeX bibliography file was created using BibDesk.
%% http://bibdesk.sourceforge.net/

%% Saved with string encoding Unicode (UTF-8) 

@book{sutton2018reinforcement,
  title={Reinforcement learning: An introduction},
  author={Sutton, Richard S and Barto, Andrew G},
  year={2018},
  publisher={MIT press}
}

@article{watkins1992qlearning,
  title={Q-learning},
  author={Watkins, Christopher J and Dayan, Peter},
  journal={Machine learning},
  volume={8},
  number={3-4},
  pages={279-292},
  year={1992}
}

@book{bellman1957dynamic,
  title={Dynamic Programming},
  author={Bellman, Richard},
  year={1957},
  publisher={Princeton University Press}
}

@article{silver2016mastering,
  title={Mastering the game of Go with deep neural networks and tree search},
  author={Silver, David and others},
  journal={Nature},
  volume={529},
  number={7587},
  pages={484-489},
  year={2016}
}

@article{yang2020reinforcement,
  title={Reinforcement learning-based control for autonomous boats: A survey},
  author={Yang, Chen and Wu, Lin},
  journal={Journal of Marine Science and Technology},
  volume={25},
  number={1},
  pages={1-10},
  year={2020}
}

@article{erhard2013control,
  title={Control of towing kites for seagoing vessels},
  author={Erhard, Moritz and Strauch, Hauke},
  journal={IEEE Transactions on Control Systems Technology},
  volume={21},
  number={5},
  pages={1629-1640},
  year={2013}
}

@article{christiansen2013ship,
  title={Ship routing and scheduling in the new millennium},
  author={Christiansen, Marielle and Fagerholt, Kjetil and Ronen, David},
  journal={European Journal of Operational Research},
  volume={228},
  number={3},
  pages={467-483},
  year={2013}
}

@article{mnih2015humanlevel,
  title={Human-level control through deep reinforcement learning},
  author={Mnih, Volodymyr and others},
  journal={Nature},
  volume={518},
  number={7540},
  pages={529-533},
  year={2015}
}

@book{hallion2003taking,
  title={Taking flight: inventing the aerial age, from antiquity through the First World War},
  author={Hallion, Richard},
  year={2003},
  publisher={Oxford University Press}
}
@online{unity100seconds,
    author = {Merlin},
    title = {Unity in 100 Seconds},
    year = {2023},
    url = {https://www.youtube.com/watch?v=iqlH4okiQqg}
}

@manual{unitymanual2021,
    author = {Unity Technologies},
    title = {Unity User Manual},
    year = {2021},
    publisher = {Unity Technologies}
}

@book{goldstone2010,
    author = {Will Goldstone},
    title = {Unity 3.x Game Development Essentials},
    year = {2010},
    publisher = {Packt Publishing Ltd}
}

@book{harrison2013,
    author = {Ashley Harrison},
    title = {Mastering Unity 2D Game Development},
    year = {2013},
    publisher = {Packt Publishing Ltd}
}

@book{blackman2012,
    author = {Sue Blackman},
    title = {Unity 3D Game Development by Example Beginner's Guide},
    year = {2012},
    publisher = {Packt Publishing Ltd}
}

@online{unityupdatefixedupdate,
    author = {Unity Technologies},
    title = {Unity Scripting API: Update and FixedUpdate},
    year = {2022},
    url = {https://docs.unity3d.com/ScriptReference/MonoBehaviour.FixedUpdate.html}
}

@online{unityrigidbody,
    author = {Unity Technologies},
    title = {Unity Scripting API: Rigidbody},
    year = {2022},
    url = {https://docs.unity3d.com/ScriptReference/Rigidbody.html}
}

@article{juliani2018,
    author = {Arthur Juliani and others},
    title = {Unity: A General Platform for Intelligent Agents},
    journal = {arXiv preprint},
    year = {2018},
    volume = {arXiv:1809.02627}
}

@online{unitymlagents,
    author = {Unity Technologies},
    title = {Unity ML-Agents Toolkit},
    year = {2022},
    url = {https://github.com/Unity-Technologies/ml-agents}
}
@article{schulman2017ppo,
  title={Proximal Policy Optimization Algorithms},
  author={Schulman, John and Wolski, Filip and Dhariwal, Prafulla and Radford, Alec and Klimov, Oleg},
  journal={arXiv preprint arXiv:1707.06347},
  year={2017},
  url={https://arxiv.org/pdf/1707.06347.pdf?fbclid=IwAR1DwRSkBzhqXRhVh3XQ_Nu_XYvN_sMR4ppYM28h3qAtx9EK03LrlOcF7Dg}
}

@inproceedings{engstrom2020implementation,
    author = {Engstrom, Logan and Ilyas, Andrew and Santurkar, Shibani and Tsipras, Dimitris and Janoos, F. and Rudolph, L. and Madry, A.},
    title = {Implementation Matters in Deep RL: A Case Study on PPO and TRPO},
    booktitle = {Proceedings of the International Conference on Learning Representations (ICLR)},
    year = {2020},
    url = {https://dblp.org/rec/conf/iclr/EngstromISTJRM20.html}
}

